@inproceedings{dispersal,
  title =	 {Asynchronous verifiable information dispersal},
  author =	 {Cachin, Christian and Tessaro, Stefano},
  booktitle =	 {Reliable Distributed Systems, 2005. SRDS 2005. 24th
                  IEEE Symposium on},
  pages =	 {191--201},
  year =	 {2005},
  organization = {IEEE}
}


@inproceedings{tor,
 author = {Dingledine, Roger and Mathewson, Nick and Syverson, Paul},
 title = {Tor: The Second-generation Onion Router},
 booktitle = {Proceedings of the 13th Conference on USENIX Security Symposium - Volume 13},
 series = {SSYM'04},
 year = {2004},
 location = {San Diego, CA},
 pages = {21--21},
 numpages = {1},
 url = {http://dl.acm.org/citation.cfm?id=1251375.1251396},
 acmid = {1251396},
 publisher = {USENIX Association},
 address = {Berkeley, CA, USA},
} 

@article{pease1980reaching,
  title={Reaching agreement in the presence of faults},
  author={Pease, Marshall and Shostak, Robert and Lamport, Leslie},
  journal={Journal of the ACM (JACM)},
  volume={27},
  number={2},
  pages={228--234},
  year={1980},
  publisher={ACM}
}
@article{fischer1985impossibility,
  title={Impossibility of distributed consensus with one faulty process},
  author={Fischer, Michael J and Lynch, Nancy A and Paterson, Michael S},
  journal={Journal of the ACM (JACM)},
  volume={32},
  number={2},
  pages={374--382},
  year={1985},
  publisher={ACM}
}
@inproceedings{canetti2001universally,
  title={Universally composable security: A new paradigm for cryptographic protocols},
  author={Canetti, Ran},
  booktitle={Foundations of Computer Science, 2001. Proceedings. 42nd IEEE Symposium on},
  pages={136--145},
  year={2001},
  organization={IEEE}
}
@inbook{damgaard,
  author={Cramer, Ronald and Damg{\aa}rd, Ivan and Nielson, Jesper},
  year= 2015, 
  chapter={UC Models}, 
  editor = {}, 
  title= {Secure Multiparty Computation and Secret Sharing}, 
  publisher= {Cambridge University Press},
  address= {Cambridge}, 
}
@article{lamport1982byzantine,
  title={The Byzantine generals problem},
  author={Lamport, Leslie and Shostak, Robert and Pease, Marshall},
  journal={ACM Transactions on Programming Languages and Systems (TOPLAS)},
  volume={4},
  number={3},
  pages={382--401},
  year={1982},
  publisher={ACM}
}
@inproceedings{mmr13,
  title={Signature-free asynchronous Byzantine consensus with $t< n/3$ and $O(n^2)$ messages},
  author={Mostefaoui, Achour and Moumen, Hamouma and Raynal, Michel},
  booktitle={Proceedings of the 2014 ACM symposium on Principles of distributed computing},
  pages={2--9},
  year={2014},
  organization={ACM}
}
@article{aspnes1998lower,
  title={Lower bounds for distributed coin-flipping and randomized consensus},
  author={Aspnes, James},
  journal={Journal of the ACM (JACM)},
  volume={45},
  number={3},
  pages={415--450},
  year={1998},
  publisher={ACM}
}



@incollection{srinathan2000efficient,
  title={Efficient asynchronous secure multiparty distributed computation},
  author={Srinathan, K and Rangan, C Pandu},
  booktitle={Progress in Cryptology—INDOCRYPT 2000},
  pages={117--129},
  year={2000},
  publisher={Springer}
}



@inproceedings{shoup2000,
  title={Practical threshold signatures},
  author={Shoup, Victor},
  booktitle={EUROCRYPT},
  pages={207--220},
  year={2000},
  organization={Springer}
}

@inproceedings{parsimonious,
  title={Parsimonious asynchronous byzantine-fault-tolerant atomic broadcast},
  author={Ramasamy, HariGovind V and Cachin, Christian},
  booktitle={OPODIS},
  pages={88--102},
  year={2005},
  organization={Springer}
}

@inproceedings{kursawe,
  title={Optimistic Asynchronous Atomic Broadcast},
  author={Kursawe, Klaus and Shoup, Victor},
  booktitle={in the Proceedings of International Colloqium on Automata, Languages and Programming (ICALP05)(L Caires, GF Italiano, L. Monteiro, Eds.) LNCS 3580},
  year={2001},
  organization={Citeseer}
}

@misc{visa:2015,
        Howpublished = {\url{http://apps.usa.visa.com/merchants/become-a-merchant/how-a-visa-transaction-works.jsp}},
        Title = { How a {V}isa Transaction Works},
       year = 2015}

@article{rscoin,
  title={Centrally Banked Cryptocurrencies},
  author={Danezis, George and Meiklejohn, Sarah},
  journal={arXiv preprint arXiv:1505.06895},
  year={2015}
}

@incollection{everywhere,
  title={From Almost Everywhere to Everywhere: Byzantine Agreement with \tn{$O(n^{3/2})$} Bits},
  author={King, Valerie and Saia, Jared},
  booktitle={Distributed Computing},
  pages={464--478},
  year={2009},
  publisher={Springer}
}

@article{barrier,
  title={Breaking the \tn{$O(n^2)$} bit barrier: scalable byzantine agreement with an adaptive adversary},
  author={King, Valerie and Saia, Jared},
  journal={Journal of the ACM (JACM)},
  volume={58},
  number={4},
  pages={18},
  year={2011},
  publisher={ACM}
}

@inproceedings{cachin2000random,
  title={Random Oracles in Constantipole: Practical Asynchronous Byzantine Agreement Using Cryptography},
  author={Cachin, Christian and Kursawe, Klaus and Shoup, Victor},
  booktitle={Proceedings of the Nineteenth Annual ACM Symposium on Principles of Distributed Computing},
  pages={123--132},
  year={2000},
  organization={ACM}
}
@inproceedings{mckeen2013innovative,
  title={Innovative instructions and software model for isolated execution},
  author={McKeen, Frank and Alexandrovich, Ilya and Berenzon, Alex and Rozas, Carlos V and Shafi, Hisham and Shanbhogue, Vedvyas and Savagaonkar, Uday R},
  booktitle={Proceedings of the 2nd International Workshop on Hardware and Architectural Support for Security and Privacy},
  pages={1--1},
  year={2013},
  organization={ACM}
}
@inproceedings{anati2013innovative,
  title={Innovative technology for CPU based attestation and sealing},
  author={Anati, Ittai and Gueron, Shay and Johnson, Simon and Scarlata, Vincent},
  booktitle={Proceedings of the 2nd International Workshop on Hardware and Architectural Support for Security and Privacy},
  pages={10},
  year={2013}
}
@inproceedings{hoekstra2013using,
  title={Using innovative instructions to create trustworthy software solutions},
  author={Hoekstra, Matthew and Lal, Reshma and Pappachan, Pradeep and Phegade, Vinay and Del Cuvillo, Juan},
  booktitle={Proceedings of the 2nd International Workshop on Hardware and Architectural Support for Security and Privacy},
  pages={11},
  year={2013},
  organization={ACM}
}



@article{paxos,
  title={The part-time parliament},
  author={Lamport, Leslie},
  journal={ACM Transactions on Computer Systems (TOCS)},
  volume={16},
  number={2},
  pages={133--169},
  year={1998},
  publisher={ACM}
}
@inproceedings{ongaro2014search,
  title={In search of an understandable consensus algorithm},
  author={Ongaro, Diego and Ousterhout, John},
  booktitle={Proc. USENIX Annual Technical Conference},
  pages={305--320},
  year={2014}
}
@inproceedings{castro1999practical,
  title={Practical Byzantine fault tolerance},
  author={Castro, Miguel and Liskov, Barbara and others},
  booktitle={OSDI},
  volume={99},
  pages={173--186},
  year={1999}
}

@inproceedings{raft,
  title={In search of an understandable consensus algorithm},
  author={Ongaro, Diego and Ousterhout, John},
  booktitle={Proc. USENIX Annual Technical Conference},
  pages={305--320},
  year={2014}
}

@article{prime,
  title={Prime: Byzantine replication under attack},
  author={Amir, Yair and Coan, Brian and Kirsch, Jonathan and Lane, John},
  journal={Dependable and Secure Computing, IEEE Transactions on},
  volume={8},
  number={4},
  pages={564--577},
  year={2011},
  publisher={IEEE}
}


@inproceedings{rbft,
  title={RBFT: Redundant byzantine fault tolerance},
  author={Aublin, Pierre-Louis and Ben Mokhtar, Sonia and Qu{\'e}ma, Vivien},
  booktitle={Distributed Computing Systems (ICDCS), 2013 IEEE 33rd International Conference on},
  pages={297--306},
  year={2013},
  organization={IEEE}
}


@inproceedings{spinning,
  title={Spin One's Wheels? Byzantine Fault Tolerance with a Spinning Primary},
  author={Veronese, Giuliana Santos and Correia, Miguel and Bessani, Alysson Neves and Lung, Lau Cheuk},
  booktitle={Reliable Distributed Systems, 2009. SRDS'09. 28th IEEE International Symposium on},
  pages={135--144},
  year={2009},
  organization={IEEE}
}



@incollection{fouque2001fully,
  title={Fully distributed threshold RSA under standard assumptions},
  author={Fouque, Pierre-Alain and Stern, Jacques},
  booktitle={Advances in Cryptology—ASIACRYPT 2001},
  pages={310--330},
  year={2001},
  publisher={Springer}
}


@inproceedings{gennaro1999secure,
  title={Secure distributed key generation for discrete-log based cryptosystems},
  author={Gennaro, Rosario and Jarecki, Stanis{\l}aw and Krawczyk, Hugo and Rabin, Tal},
  booktitle={Advances in Cryptology—EUROCRYPT’99},
  pages={295--310},
  year={1999},
  organization={Springer}
}

@incollection{boldyreva,
  title={Threshold signatures, multisignatures and blind signatures based on the gap-Diffie-Hellman-group signature scheme},
  author={Boldyreva, Alexandra},
  booktitle={Public key cryptography—PKC 2003},
  pages={31--46},
  year={2002},
  publisher={Springer}
}


@misc{beacon,
    author = {Joseph Bonneau and Jeremy Clark and Steven Goldfeder},
    title = {On Bitcoin as a public randomness source},
    howpublished = {Cryptology ePrint Archive, Report 2015/1015},
    year = {2015},
    note = {\url{http://eprint.iacr.org/}},
}

@inproceedings{zyzzyva,
  title={Zyzzyva: speculative byzantine fault tolerance},
  author={Kotla, Ramakrishna and Alvisi, Lorenzo and Dahlin, Mike and Clement, Allen and Wong, Edmund},
  booktitle={ACM SIGOPS Operating Systems Review},
  volume={41},
  issue={6},
  pages={45--58},
  year={2007},
  organization={ACM}
}


@misc{scalingpaper,
 title = {On Scaling Decentralized Blockchains --- A Position Paper},
 author = {
 Kyle Croman and 
           Christian Decker and  
              Ittay Eyal and
              Adem Efe Gencer and
              Ari Juels and
              Ahmed Kosba and
              Andrew Miller and
              Prateek Saxena and
              Elaine Shi and
              Emin Gun Sirer and
              Dawn Song and
              Roger Wattenhofer and
}, 
 howpublished = {3rd Bitcoin Research Workshop},
 year = 2015
}

@article{wilcox2008zfec,
title={Zfec 1.4. 0},
author={Wilcox-O'Hearn, Zooko},
journal={Open source code distribution: \url{http://pypi.python.org/pypi/zfec}},
year={2008}
}


@inproceedings{bftsmart,
  title={State machine replication for the masses with BFT-SMaRt},
  author={Bessani, Alysson and Sousa, Jo{\~a}o and Alchieri, Eduardo EP},
  booktitle={Dependable Systems and Networks (DSN), 2014 44th Annual IEEE/IFIP International Conference on},
  pages={355--362},
  year={2014},
  organization={IEEE}
}

@inproceedings{canetti1993fast,
  title={Fast asynchronous Byzantine agreement with optimal resilience},
  author={Canetti, Ran and Rabin, Tal},
  booktitle={Proceedings of the twenty-fifth annual ACM symposium on Theory of computing},
  pages={42--51},
  year={1993},
  organization={ACM}
}

@incollection{mdstore,
  title={Separating data and control: Asynchronous BFT storage with 2t+ 1 data replicas},
  author={Cachin, Christian and Dobre, Dan and Vukoli{\'c}, Marko},
  booktitle={Stabilization, Safety, and Security of Distributed Systems},
  pages={1--17},
  year={2014},
  publisher={Springer}
}


@article{flp,
  title={Impossibility of distributed consensus with one faulty process},
  author={Fischer, Michael J and Lynch, Nancy A and Paterson, Michael S},
  journal={Journal of the ACM (JACM)},
  volume={32},
  number={2},
  pages={374--382},
  year={1985},
  publisher={ACM}
}

@article{partialsynchrony,
  title={Consensus in the presence of partial synchrony},
  author={Dwork, Cynthia and Lynch, Nancy and Stockmeyer, Larry},
  journal={Journal of the ACM (JACM)},
  volume={35},
  number={2},
  pages={288--323},
  year={1988},
  publisher={ACM}
}



@inproceedings{sintra,
  title={Secure intrusion-tolerant replication on the Internet},
  author={Cachin, Christian and Poritz, Jonathan and others},
  booktitle={Dependable Systems and Networks, 2002. DSN 2002. Proceedings. International Conference on},
  pages={167--176},
  year={2002},
  organization={IEEE}
}


@article{qu,
  title={Fault-scalable Byzantine fault-tolerant services},
  author={Abd-El-Malek, Michael and Ganger, Gregory R and Goodson, Garth R and Reiter, Michael K and Wylie, Jay J},
  journal={ACM SIGOPS Operating Systems Review},
  volume={39},
  number={5},
  pages={59--74},
  year={2005},
  publisher={ACM}
}


@misc{honeybadger,
   title={How Bitcoin became the Honey Badger of Money},
   year={2013},
   author={Robert McMillan},
   howpublished={Wired Magazine, \url{http://www.wired.com/2013/12/bitcoin_honey/}}
}

@inproceedings{alexopoulos2017mcmix,
  title =	 {MCMix: Anonymous Messaging via Secure Multiparty
                  Computation},
  author =	 {Alexopoulos, Nikolaos and Kiayias, Aggelos and
                  Talviste, Riivo and Zacharias, Thomas},
  booktitle =	 {USENIX Security Symposium. USENIX Association,
                  Vancouver, BC},
  pages =	 {1217--1234},
  year =	 {2017}
}

@inproceedings{bkr94,
  title={Asynchronous secure computations with optimal resilience},
  author={Ben-Or, Michael and Kelmer, Boaz and Rabin, Tal},
  booktitle={Proceedings of the thirteenth annual ACM symposium on Principles of distributed computing},
  pages={183--192},
  year={1994},
  organization={ACM}
}


@incollection{niemi1995prevent,
  title={How to prevent buying of votes in computer elections},
  author={Niemi, Valtteri and Renvall, Ari},
  booktitle={Advances in Cryptology—ASIACRYPT'94},
  pages={164--170},
  year={1995},
  publisher={Springer}
}

@inproceedings{upright,
  title={Upright cluster services},
  author={Clement, Allen and Kapritsos, Manos and Lee, Sangmin and Wang, Yang and Alvisi, Lorenzo and Dahlin, Mike and Riche, Taylor},
  booktitle={Proceedings of the ACM SIGOPS 22nd symposium on Operating systems principles},
  pages={277--290},
  year={2009},
  organization={ACM}
}


@inproceedings{aardvark,
  title={Making Byzantine Fault Tolerant Systems Tolerate Byzantine Faults.},
  author={Clement, Allen and Wong, Edmund L and Alvisi, Lorenzo and Dahlin, Michael and Marchetti, Mirco},
  booktitle={NSDI},
  volume={9},
  pages={153--168},
  year={2009}
}

@article{votebuying,
  title={Vote buying},
  author={Hasen, Richard L},
  journal={California Law Review},
  pages={1323--1371},
  year={2000},
  publisher={JSTOR}
}

@inproceedings{receiptfree,
  title={Receipt-free secret-ballot elections},
  author={Benaloh, Josh and Tuinstra, Dwight},
  booktitle={Proceedings of the twenty-sixth annual ACM symposium on Theory of computing},
  pages={544--553},
  year={1994},
  organization={ACM}
}

@inproceedings {libsnark-patch,
  howpublished={git commit: \url{https://github.com/scipr-lab/libsnark/commit/af725eeb82bd380a02f8be0d8931c8edf55}},
  title={Fixes SNARK input consistency soundness bug identified by Bryan Parno.},
  year={2015},
  month={May},
  author={Madars Virza}
}

@inproceedings {libsnark,
author = {Eli Ben-Sasson and Alessandro Chiesa and Eran Tromer and Madars Virza},
title = {Succinct Non-Interactive Zero Knowledge for a von Neumann Architecture},
booktitle = {23rd USENIX Security Symposium (USENIX Security 14)},
year = {2014},
month = Aug,
isbn = {978-1-931971-15-7},
address = {San Diego, CA},
pages = {781--796},
url = {https://www.usenix.org/conference/usenixsecurity14/technical-sessions/presentation/ben-sasson},
publisher = {USENIX Association},
}

%\url{http://www.ziftrcoin.com/docs/ziftrcoin-whitepaper.pdf}
@misc{ziftr,
  title={ziftrCOIN : A Cryptocurrency to Enable Commerce},
  howpublished={Whitepaper},  
  year={2014},
  month={October},
  author={myVBO},
}

@misc{bitslog, 
  title={Theoretical and Practical Nonoutsourceable Puzzles},
  howpublished={\url{https://bitslog.wordpress.com/2014/06/19/theoretical-and-practical-nonoutsourceable-puzzles/}},
  author={Sergio Demian Lerner}, 
  year={2014},
  month={June},
}

@misc{twophasepow,
    author = {Ittay Eyal and Emin G\"un Sirer},
    title = {How to Disincentivize Large Bitcoin Mining Pools},
    year = {2014},
    month = {June},
    howpublished = {Blog post: \url{http://hackingdistributed.com/2014/06/18/how-to-disincentivize-large-bitcoin-mining-pools/} }
}

@article{tromp2014cuckoo,
  title={Cuckoo Cycle: a new memory-hard proof-of-work system},
  author={Tromp, John},
  journal={Bitcoin Research Workshop},
  year={2015}
}

@article{ghost,
  title={Secure High-Rate Transaction Processing in Bitcoin},
  author={Sompolinsky, Yonatan and Zohar, Aviv},
  journal={Financial Cryptography and Data Security. Springer},
  year={2015}
}

@article{inclusive,
  title={Inclusive Block Chain Protocols},
  author={Lewenberg, Yoad and Sompolinsky, Yonatan and Zohar, Aviv},
  journal={Financial Cryptography and Data Security. Springer},
  year={2015}
}



%% Saved with string encoding Unicode (UTF-8) 
@inproceedings{permacoin,
	author = {Andrew Miller and Ari Juels and Elaine Shi and Bryan Parno and Jonathan Katz},
	title = {PermaCoin: Repurposing Bitcoin Work for Long-Term Data Preservation},
	Booktitle = {IEEE Symposium on Security and Privacy},
	Year = {2014}
}

@misc{fullversion,
   title={The Honey Badger of BFT Protocols},
   author={Andrew Miller and Yu Xia and Kyle Croman and Elaine Shi and Dawn Song},
   year={2016},
   howpublished={[Online full version] \url{http://eprint.iacr.org/2016/199}},
}

@misc{onethird,
title = {Bitcoin Network Shaken by Blockchain Fork},
author = {Vitalik Buterin}, 
year = 2013, 
howpublished ={\url{http://bitcoinmagazine.com/3668/bitcoin-network-shaken-by-blockchain-fork/}}
}

@misc{twelvesecond,
 title={Towards a 12 twelve second block time},
 author={Vitalik Buterin},
 year={2014},
 month={July},
 howpublished = {\url{https://blog.ethereum.org/2014/07/11/toward-a-12-second-block-time/}}
}

@misc{sidechains,
  title={Enabling blockchain innovations with pegged sidechains},
  author={Back, Adam and Corallo, Matt and Dashjr, Luke and Friedenbach, Mark and Maxwell, Gregory and Miller, Andrew and Poelstra, Andrew and Tim{\'o}n, Jorge and Wuille, Pieter},
  year={2014}
}

@inproceedings{bespoke,
 author = {Taylor, Michael Bedford},
 title = {Bitcoin and the Age of Bespoke Silicon},
 booktitle = {Proceedings of the 2013 International Conference on Compilers, Architectures and Synthesis for Embedded Systems},
 series = {CASES '13},
 year = {2013},
 isbn = {978-1-4799-1400-5},
 location = {Montreal, Quebec, Canada},
 pages = {16:1--16:10},
 articleno = {16},
 numpages = {10},
 url = {http://dl.acm.org/citation.cfm?id=2555729.2555745},
 acmid = {2555745},
 publisher = {IEEE Press},
 address = {Piscataway, NJ, USA},
 keywords = {bitcoin, dark silicon, specialization},
} 

@inproceedings{zaatar,
  title={Resolving the conflict between generality and plausibility in verified computation},
  author={Setty, Srinath and Braun, Benjamin and Vu, Victor and Blumberg, Andrew J and Parno, Bryan and Walfish, Michael},
  booktitle={Proceedings of the 8th ACM European Conference on Computer Systems},
  pages={71--84},
  year={2013},
  organization={ACM}
}

@misc{p2pool,
 author={Forrest Voight},
 title = {p2pool: Decentralized, DoS-resistant, Hop-Proof pool},
 year={2011},
 month={June},
 howpublished={\url{https://bitcointalk.org/index.php?topic=18313}}
}

@misc{techreport,
 author={Andrew Miller and LaViola, Jr., Joseph J.},
 title={Anonymous Byzantine Consensus from Moderately-Hard Puzzles: A Model for Bitcoin.},
 howpublished={UCF Tech Report. CS-TR-14-01},
}

@inproceedings{zerocoin,
  title={Zerocoin: Anonymous distributed e-cash from bitcoin},
  author={Miers, Ian and Garman, Christina and Green, Matthew and Rubin, Aviel D},
  booktitle={Security and Privacy (SP), 2013 IEEE Symposium on},
  pages={397--411},
  year={2013},
  organization={IEEE}
}



@inproceedings{sok,
  title={Research perspectives on Bitcoin and second-generation digital currencies},
  author={Bonneau, Joseph and Miller, Andrew and Clark, Jeremy and Narayanan, Arvind and Kroll, Joshua and Felten, Edward W.},
  booktitle={2015 IEEE Symposium on Security and Privacy},
  year={2015},
  organization={IEEE}
}

@incollection{garay2014bitcoin,
  title={The bitcoin backbone protocol: Analysis and applications},
  author={Garay, Juan and Kiayias, Aggelos and Leonardos, Nikos},
  booktitle={Advances in Cryptology-EUROCRYPT 2015},
  pages={281--310},
  year={2015},
  publisher={Springer}
}

@article{scrypt,
  title={The scrypt Password-Based Key Derivation Function},
  author={Percival, Colin and Josefsson, Simon},
  year={2012},
  howpublished={\url{http://tools.ietf.org/html/draft-josefsson-scrypt-kdf-01}}
}

@inproceedings{zerocash,
  title={Zerocash: Decentralized anonymous payments from Bitcoin},
  author={Ben-Sasson, Eli and Chiesa, Alessandro and Garman, Christina and Green, Matthew and Miers, Ian and Tromer, Eran and Virza, Madars},
  booktitle={Security and Privacy (SP), 2014 IEEE Symposium on. IEEE},
  year={2014},
  organization={IEEE}
}

@inproceedings{pinocchiocoin,
  title={Pinocchio coin: building zerocoin from a succinct pairing-based proof system},
  author={Danezis, George and Fournet, Cedric and Kohlweiss, Markulf and Parno, Bryan},
  booktitle={Proceedings of the First ACM workshop on Language support for privacy-enhancing technologies},
  pages={27--30},
  year={2013},
  organization={ACM}
}



@incollection{gennaro2013quadratic,
  title={Quadratic span programs and succinct NIZKs without PCPs},
  author={Gennaro, Rosario and Gentry, Craig and Parno, Bryan and Raykova, Mariana},
  booktitle={Advances in Cryptology--EUROCRYPT 2013},
  pages={626--645},
  year={2013},
  publisher={Springer}
}


@article{johnson2001elliptic,
  title={The elliptic curve digital signature algorithm (ECDSA)},
  author={Johnson, Don and Menezes, Alfred and Vanstone, Scott},
  journal={International Journal of Information Security},
  volume={1},
  number={1},
  pages={36--63},
  year={2001},
  publisher={Springer}
}

@article{Urquhart:2013,
	Author = {J. Urquhart},
	Date-Added = {2013-11-15 21:34:52 +0000},
	Date-Modified = {2013-11-15 21:36:19 +0000},
	Journal = {RT.com},
	Title = {Bit-heist: Over \$1mn in bitcoins stolen from {A}ustralian online bank},
	Year = {8 Nov. 2013}}
@incollection{EyalSirer:2013,
  title={Majority is not enough: Bitcoin mining is vulnerable},
  author={Eyal, Ittay and Sirer, Emin G{\"u}n},
  booktitle={Financial Cryptography and Data Security},
  pages={436--454},
  year={2014},
  publisher={Springer}
}

@misc{spreadcoin,
 author={Spreadcoin},
 howpublished={\url{http://spreadcoin.net/files/SpreadCoin-WhitePaper.pdf}},
 year={2014},
 month={October},
}

@article{KoEtAl:2012,
	Author = {R. K.L. Ko and S. S.G. Lee and V. Rajan},
	Date-Added = {2013-11-15 21:10:25 +0000},
	Date-Modified = {2013-11-15 21:12:33 +0000},
	Journal = {IEEE Spectrum},
	Number = {12},
	Title = {Understanding Cloud Failures},
	Volume = {49},
	Year = {28 Nov. 2012}}

@article{LOCshutdown:2013,
	Author = {C. Kellogg},
	Date-Added = {2013-11-15 21:06:30 +0000},
	Date-Modified = {2013-11-15 21:07:09 +0000},
	Journal = {Los Angeles Times},
	Title = {Government shutdown closes {Library of Congress} -- online too},
	Year = {1 Oct. 2013}}

@techreport{LymanVarian:2000,
	Author = {P. Lyman and H. Varian and J. Dunn and A. Strygin and K Swearingen},
	Date-Added = {2013-11-15 20:24:21 +0000},
	Date-Modified = {2013-11-15 20:25:46 +0000},
	Institution = {UC Berkeley},
	Title = {How much information?},
	Year = {2000}}

@inproceedings{SSP:2013,
	Author = {E. Shi and E. Stefanov and C. Papamanthou},
	Booktitle = {ACM CCS},
	Date-Added = {2013-11-15 19:46:00 +0000},
	Date-Modified = {2013-11-15 19:46:48 +0000},
	Pages = {325--336},
	Title = {Practical dynamic proofs of retrievability},
	Year = {2013}}

@inproceedings{AtenieseEtAl07,
	Author = {G. Ateniese and others},
	Booktitle = {ACM CCS},
	Date-Added = {2013-11-15 19:44:08 +0000},
	Date-Modified = {2013-11-15 19:44:08 +0000},
	Pages = {598--609},
	Title = {Provable Data Possession at Untrusted Stores},
	Year = 2007}

@inproceedings{BowersJuOp08,
	Author = {Kevin D. Bowers and A. Juels and A. Oprea},
	Booktitle = {CCSW},
	Date-Added = {2013-11-15 19:42:41 +0000},
	Date-Modified = {2013-11-15 22:36:25 +0000},
	Howpublished = {Cryptology ePrint Archive, Report 2008/175},
	Pages = {43--54},
	Title = {Proofs of Retrievability: Theory and Implementation},
	Year = {2009}}

@inproceedings{ShachamWa08,
	Author = {H. Shacham and B. Waters},
	Booktitle = {Asiacrypt},
	Date-Added = {2013-11-15 19:42:31 +0000},
	Date-Modified = {2013-11-15 22:27:40 +0000},
	Pages = {90--107},
	Title = {Compact Proofs of Retrievability},
	Year = 2008}

@misc{Shimpi:2013,
	Author = {A. L. Shimpo},
	Date-Added = {2013-11-15 18:27:07 +0000},
	Date-Modified = {2013-11-15 18:48:29 +0000},
	Howpublished = {URL: www.anandtech.com/show/6935/seagate-600-ssd-review/5},
	Title = {The {Seagate} 600 \& 600 {Pro SSD} Review},
	Year = {7 May 2013}}

@inproceedings{DwoNao92,
	Author = {C. Dwork and M. Naor},
	Booktitle = {{CRYPTO}},
	Title = {Pricing via Processing or Combatting Junk Mail},
	Xbooktitle = {Proceedings of {CRYPTO}},
	Year = 1993}

@article{oceanstore,
	Author = {Kubiatowicz, John and Bindel, David and Chen, Yan and Czerwinski, Steven and Eaton, Patrick and Geels, Dennis and Gummadi, Ramakrishan and Rhea, Sean and Weatherspoon, Hakim and Weimer, Westley and others},
	Journal = {ACM Sigplan Notices},
	Number = {11},
	Pages = {190--201},
	Publisher = {ACM},
	Title = {Oceanstore: An architecture for global-scale persistent storage},
	Volume = {35},
	Year = {2000}}



@inproceedings{cohen2003incentives,
	Author = {Cohen, Bram},
	Booktitle = {Workshop on Economics of Peer-to-Peer systems},
	Pages = {68--72},
	Title = {Incentives build robustness in BitTorrent},
	Volume = {6},
	Year = {2003}}

@incollection{barber2012bitter,
  title={Bitter to better -- how to make bitcoin a better currency},
  author={Barber, Simon and Boyen, Xavier and Shi, Elaine and Uzun, Ersin},
  booktitle={Financial Cryptography and Data Security},
  pages={399--414},
  year={2012},
  publisher={Springer}
}

@inproceedings{chaum1990untraceable,
	Author = {Chaum, David and Fiat, Amos and Naor, Moni},
	Booktitle = {Advances in Cryptology---CRYPTO'88},
	Organization = {Springer},
	Pages = {319--327},
	Title = {Untraceable electronic cash},
	Year = {1990}}

@inproceedings{chaum1982,
	Author = {Chaum, David},
	Booktitle = {Crypto},
	Pages = {199--203},
	Title = {Blind Signatures for Untraceable Payments.},
	Volume = {82},
	Year = {1982}}

@article{datatrading,
	Author = {Cooper, Brian F and Garcia-Molina, Hector},
	Journal = {ACM Transactions on Information Systems (TOIS)},
	Number = {2},
	Pages = {133--170},
	Publisher = {ACM},
	Title = {Peer-to-peer data trading to preserve information},
	Volume = {20},
	Year = {2002}}

@inproceedings{pastry,
	Author = {Rowstron, Antony and Druschel, Peter},
	Booktitle = {Middleware},
	Date-Modified = {2013-11-15 22:35:54 +0000},
	Pages = {329--350},
	Title = {Pastry: Scalable, decentralized object location, and routing for large-scale peer-to-peer systems},
	Year = {2001}}

@inproceedings{past,
	Author = {Rowstron, Antony and Druschel, Peter},
	Booktitle = {ACM SIGOPS Operating Systems Review},
	Number = {5},
	Organization = {ACM},
	Pages = {188--201},
	Title = {Storage management and caching in PAST, a large-scale, persistent peer-to-peer storage utility},
	Volume = {35},
	Year = {2001}}

@article{bra87,
  title={Asynchronous Byzantine agreement protocols},
  author={Bracha, Gabriel},
  journal={Information and Computation},
  volume={75},
  number={2},
  pages={130--143},
  year={1987},
  publisher={Elsevier}
}


@misc{hostedmining,
	Author = {Danny Bradbury},
	howpublished = {\url{http://www.coindesk.com/alydian-targets-big-ticket-miners-with-terahash-hosting/}},
	Month = {August},
	Title = {Alydian targets big ticket miners with Terahash hosting},
	Year = {2013}}

@misc{bmoney,
	Author = {Wei Dai},
	Howpublished = {\url{http://www.weidai.com/bmoney.txt}},
	Title = {b-money},
	Year = {1998}}

@misc{hashcash,
	Author = {Back, Adam and others},
	Title = {Hashcash-a denial of service counter-measure},
	Year = {2002}}

@inproceedings{dynamicpor,
	Author = {Elaine Shi and Emil Stefanov and Charalampos Papamanthou},
	Booktitle = {ACM CCS},
	Date-Modified = {2013-11-15 22:33:16 +0000},
	Title = {Practical Dynamic Proofs of Retrievability},
	Year = {2013}}

@inproceedings{juels2007pors,
	Author = {Juels, Ari and Kaliski Jr, Burton S},
	Booktitle = {ACM CCS},
	Date-Modified = {2013-11-15 22:31:18 +0000},
	Organization = {ACM},
	Pages = {584--597},
	Title = {{POR}s: Proofs of retrievability for large files},
	Year = {2007}}

@inproceedings{joukov2008greenfs,
	Author = {Nikolai Joukov and Josef Sipek},
	Booktitle = {Proceedings of ACM EuroSys},
	Title = {GreenFS: Making Enterprise Computers Greener by Protecting Them Better},
	Year = {2008}}

@inproceedings{kansal2010power,
	Author = {Aman Kansal and Feng Zhao and Jie Liu and Nupur Kothari and Arka A. Bhattacharya},
	Booktitle = {Proceedings of ACM SoCC},
	Title = {Virtual Machine Power Metering and Provisioning},
	Year = {2010}}

@inproceedings{laurie2004proof,
  title={Proof-of-Work” proves not to work; version 0.2},
  author={Laurie, Ben and Clayton, Richard},
  booktitle={Workshop on Economics and Information, Security},
  year={2004}
}

@inproceedings{juels1999client,
  title={Client Puzzles: A Cryptographic Countermeasure Against Connection Depletion Attacks.},
  author={Juels, Ari and Brainard, John G},
  booktitle={NDSS},
  volume={99},
  pages={151--165},
  year={1999}
}

@article{prelec1998probability,
	Author = {Prelec, Drazen},
	Journal = {Econometrica},
	Pages = {497--527},
	Publisher = {JSTOR},
	Title = {The probability weighting function},
	Year = {1998}}

@article{williams20021,
	Author = {Williams, Eric D and Ayres, Robert U and Heller, Miriam},
	Journal = {Environmental science \& technology},
	Number = {24},
	Pages = {5504--5510},
	Publisher = {ACS Publications},
	Title = {The 1.7 kilogram microchip: Energy and material use in the production of semiconductor devices},
	Volume = {36},
	Year = {2002}}

@inproceedings{lepoint2014scale,
  title={Scale-Invariant Fully-Homomorphic Encryption over the Integers},
  author={Lepoint, Tancr{\`e}de and Coron, Jean-S{\'e}bastien and Tibouchi, Mehdi and others},
  booktitle={17th International Conference on Practice and Theory in Public-Key Cryptography (PKC'14)},
  year={2014}
}

@article{rosenfeld2011analysis,
  title={Analysis of Bitcoin Pooled Mining Reward Systems},
  author={Rosenfeld, Meni},
  journal={arXiv preprint arXiv:1112.4980},
  year={2011}
}

@incollection{stebila2011stronger,
	Author = {Stebila, Douglas and Kuppusamy, Lakshmi and Rangasamy, Jothi and Boyd, Colin and Nieto, Juan Gonzalez},
	Booktitle = {Topics in Cryptology--CT-RSA 2011},
	Pages = {284--301},
	Publisher = {Springer},
	Title = {Stronger difficulty notions for client puzzles and denial-of-service-resistant protocols},
	Year = {2011}}

@incollection{chen2009security,
	Author = {Chen, Liqun and Morrissey, Paul and Smart, Nigel P and Warinschi, Bogdan},
	Booktitle = {Advances in Cryptology--ASIACRYPT 2009},
	Pages = {505--523},
	Publisher = {Springer},
	Title = {Security notions and generic constructions for client puzzles},
	Year = {2009}}

@article{groza2013cryptographic,
	Author = {Groza, Bogdan and Warinschi, Bogdan},
	Journal = {Designs, Codes and Cryptography},
	Pages = {1--31},
	Publisher = {Springer},
	Title = {Cryptographic puzzles and DoS resilience, revisited},
	Year = {2013}}

@article{gonzalez1999shape,
	Author = {Gonzalez, Richard and Wu, George},
	Journal = {Cognitive psychology},
	Number = {1},
	Pages = {129--166},
	Publisher = {Elsevier},
	Title = {On the shape of the probability weighting function},
	Volume = {38},
	Year = {1999}}

@article{powerball,
	Author = {Oster, Emily},
	Journal = {National Tax Journal, June},
	Title = {Are all lotteries regressive? Evidence from the Powerball},
	Year = {2004}}

@article{luldc,
	Author = {Chandran, Nishanth and Kanukurthi, Bhavana and Ostrovsky, Rafail},
	Journal = {TCC},
	Title = {Locally Updatable and Locally Decodable Codes},
	Year = {2014}}

@inproceedings{reyzin2002better,
	Author = {Reyzin, Leonid and Reyzin, Natan},
	Booktitle = {Information Security and Privacy},
	Date-Modified = {2013-11-15 22:31:52 +0000},
	Organization = {Springer},
	Pages = {144--153},
	Title = {Better than {BiBa}: Short one-time signatures with fast signing and verifying},
	Year = {2002}}

@inproceedings{merkle1990certified,
	Author = {Merkle, Ralph C},
	Booktitle = {Advances in Cryptology---CRYPTO'89 Proceedings},
	Organization = {Springer},
	Pages = {218--238},
	Title = {A certified digital signature},
	Year = {1990}}

@article{cptaxiomatization,
	Author = {Wakker, Peter and Tversky, Amos},
	Journal = {Journal of risk and uncertainty},
	Number = {2},
	Pages = {147--175},
	Publisher = {Springer},
	Title = {An axiomatization of cumulative prospect theory},
	Volume = {7},
	Year = {1993}}

@article{cumulativeprospecttheory,
	Author = {Tversky, Amos and Kahneman, Daniel},
	Journal = {Journal of Risk and uncertainty},
	Number = {4},
	Pages = {297--323},
	Publisher = {Springer},
	Title = {Advances in prospect theory: Cumulative representation of uncertainty},
	Volume = {5},
	Year = {1992}}

@inproceedings{beberg2009folding,
	Author = {Beberg, Adam L and Ensign, Daniel L and Jayachandran, Guha and Khaliq, Siraj and Pande, Vijay S},
	Booktitle = {Parallel \& Distributed Processing (IPDPS) },
	Date-Modified = {2013-11-15 22:30:57 +0000},
	Pages = {1--8},
	Title = {Folding@ home: Lessons from eight years of volunteer distributed computing},
	Year = {2009}}

@inproceedings{signets,
	Author = {Dwork, Cynthia and Lotspiech, Jeffrey and Naor, Moni},
	Booktitle = {Proceedings of the twenty-eighth annual ACM symposium on Theory of computing},
	Organization = {ACM},
	Pages = {489--498},
	Title = {Digital signets: self-enforcing protection of digital information (preliminary version)},
	Year = {1996}}

@inproceedings{decker2013information,
	Author = {Decker, Christian and Wattenhofer, Roger},
	Booktitle = {IEEE P2P},
	Date-Modified = {2013-11-15 22:37:23 +0000},
	Title = {Information propagation in the {Bitcoin} network},
	Year = {2013}}

@article{aspnes2005exposing,
	Author = {Aspnes, James and Jackson, Collin and Krishnamurthy, Arvind},
	Journal = {Department of Computer Science, Yale University, New Haven, CT, Tech. Rep},
	Title = {Exposing computationally-challenged Byzantine impostors},
	Year = {2005}}

@misc{Nakamoto:2008,
	Author = {Nakamoto, Satoshi},
	Howpublished = {\url{http://bitcon.org/bitcoin.pdf}},
	Title = {Bitcoin: A peer-to-peer electronic cash system},
	Year = {2008}
}

@inproceedings{cachin2001secure,
  title={Secure and efficient asynchronous broadcast protocols},
  author={Cachin, Christian and Kursawe, Klaus and Petzold, Frank and Shoup, Victor},
  booktitle={Advances in Cryptology -- Crypto 2001},
  pages={524--541},
  year={2001},
  organization={Springer}
}

@misc{parno,
    author = {Bryan Parno},
    title = {A Note on the Unsoundness of vnTinyRAM's SNARK},
    howpublished = {Cryptology ePrint Archive, Report 2015/437},
    year = {2015},
    note = {\url{http://eprint.iacr.org/}},
}

@incollection{mixcoin,
  title={Mixcoin: Anonymity for Bitcoin with accountable mixes},
  author={Bonneau, Joseph and Narayanan, Arvind and Miller, Andrew and Clark, Jeremy and Kroll, Joshua A and Felten, Edward W},
  booktitle={Financial Cryptography and Data Security},
  pages={486--504},
  year={2014},
  publisher={Springer}
}


@article{moore2013beware,
	Author = {Moore, Tyler and Christin, Nicolas},
	Journal = {Financial Cryptography and Data Security},
	Pages = {455--466},
	Publisher = {The Oxford Handbook of the Digital Economy},
	Title = {Beware the Middleman: Empirical Analysis of Bitcoin-Exchange Risk},
	Volume = {7397},
	Year = {2013}}

@book{fraser1972ptolemaic,
	Author = {Fraser, Peter Marshall},
	Publisher = {Clarendon Press Oxford},
	Title = {Ptolemaic Alexandria},
	Volume = {3},
	Year = {1972}}

@article{krolleconomics,
	Author = {Kroll, Joshua A and Davey, Ian C and Felten, Edward W},
	Journal = {WEIS},
	Title = {The Economics of Bitcoin Mining or, Bitcoin in the Presence of Adversaries},
	Year = {2013}}

@inproceedings{HAIL,
	Author = {K. D. Bowers and A. Juels and A. Oprea},
	Booktitle = {ACM CCS},
	Date-Modified = {2013-11-15 22:28:55 +0000},
	Pages = {187--198},
	Title = {{HAIL}: a high-availability and integrity layer for cloud storage},
	Year = {2009}}

@article{quiggin1991optimal,
  title={On the optimal design of lotteries},
  author={Quiggin, John},
  journal={Economica},
  volume={58},
  number={229},
  pages={1--16},
  year={1991}
}

@inproceedings{pinocchio,
	Author = {Parno, Bryan and Gentry, Craig and Howell, Jon and Raykova, Mariana},
	Booktitle = {IEEE Symposium on Security and Privacy},
	Date-Modified = {2013-11-15 22:32:52 +0000},
	Pages = {238--252},
	Title = {Pinocchio: Nearly practical verifiable computation},
	Year = {2013}}

@incollection{groza2012revisiting,
  title={Revisiting difficulty notions for client puzzles and dos resilience},
  author={Groza, Bogdan and Warinschi, Bogdan},
  booktitle={Information Security},
  pages={39--54},
  year={2012},
  publisher={Springer}
}
@inproceedings{handschuh2000shacal,
  title={SHACAL},
  author={Handschuh, Helena and Helena, H and Naccache, David},
  year={2000},
  month={November},
  booktitle={First Open NESSIE Workshop}
}
@inproceedings{dunkelman2007related,
  title={Related-key rectangle attack on the full SHACAL-1},
  author={Dunkelman, Orr and Keller, Nathan and Kim, Jongsung},
  booktitle={Selected Areas in Cryptography},
  pages={28--44},
  year={2007},
  organization={Springer}
}
@misc{dhaes,
  title={DHAES: An encryption scheme based on the Diffie-Hellman problem},
  author={Abdalla, Michel and Bellare, Mihir and Rogaway, Phillip},
  howpublished={Submission to IEEE P1363},
  year={1999}
}
@inproceedings{pantry,
  title={Verifying computations with state},
  author={Braun, Benjamin and Feldman, Ariel J and Ren, Zuocheng and Setty, Srinath and Blumberg, Andrew J and Walfish, Michael},
  booktitle={Proceedings of the Twenty-Fourth ACM Symposium on Operating Systems Principles},
  pages={341--357},
  year={2013},
  organization={ACM}
}

@misc{matonis,
  title={The Bitcoin Mining Arms Race: GHash.io and the 51\% Issue},
  author={Jon Matonis},
  year={2014}, 
  month={July},
  howpublished={\url{http://www.coindesk.com/bitcoin-mining-detente-ghash-io-51-issue/}}
}

